%% LaTeX2e file `lec9.bib'
%% generated by the `filecontents' environment
%% from source `lec9' on 2022/03/18.
%%
@book{kushi2006,
  author = {Kushilevitz, Eyal},
  title = {Communication complexity},
  publisher = {Cambridge University Press},
  year = {2006},
  address = {Cambridge},
  isbn = {978-0521029834}
}

@inproceedings{IndykW03,
  author    = {Piotr Indyk and
               David P. Woodruff},
  title     = {Tight Lower Bounds for the Distinct Elements Problem},
  booktitle = {Proceedings of the 44th Symposium on Foundations of Computer Science (FOCS)},
  pages     = {283--288},
  year      = {2003},
}

@inproceedings{Woodruff04,
  author    = {David P. Woodruff},
  title     = {Optimal space lower bounds for all frequency moments},
  booktitle = {Proceedings of the Fifteenth Annual {ACM-SIAM} Symposium on Discrete
               Algorithms (SODA)},
  pages     = {167--175},
  year      = {2004},
}

@article{GuhaM09,
  author    = {Sudipto Guha and
               Andrew McGregor},
  title     = {Stream Order and Order Statistics: Quantile Estimation in Random-Order
               Streams},
  journal   = {{SIAM} J. Comput.},
  volume    = {38},
  number    = {5},
  pages     = {2044--2059},
  year      = {2009},
}

@article{ChakrabartiR12,
  author    = {Amit Chakrabarti and
               Oded Regev},
  title     = {An Optimal Lower Bound on the Communication Complexity of {Gap}-{Hamming}-{Distance}},
  journal   = {{SIAM} J. Comput.},
  volume    = {41},
  number    = {5},
  pages     = {1299--1317},
  year      = {2012},
}

@article{jayram2008one,
  title={The One-Way Communication Complexity of Hamming Distance.},
  author={Jayram, TS and Kumar, Ravi and Sivakumar, D},
  journal={Theory of Computing},
  volume={4},
  number={1},
  pages={129--135},
  year={2008}
}
